@Comment Referintele bibliografice.

@Book{venables1999,
  author =	 {V. T. Venables and B. D. Ripley},
  title =	 {Modern Applied Statistics with S-Plus},
  publisher =	 {Springer},
  year =	 {1999}
}

@article{ihaka1996,
  author =    {R. Ihaka and R. Gentleman},
  title =     {R: A Language for Data Analysis and Graphics},
  journal =   {Journal of Computational and Graphical Statistics},
  year =      1996,
  volume =    5,
  pages =     {299--314}
}

